
@article{neuro,
author = {Tagaris, Athanasios and Kollias, Dimitrios and Stafylopatis, Andreas and Tagaris, Georgios and Kollias, Stefanos},
title = {Machine Learning for Neurodegenerative Disorder Diagnosis — Survey of Practices and Launch of Benchmark Dataset},
journal = {International Journal on Artificial Intelligence Tools},
volume = {27},
number = {03},
pages = {1850011},
year = {2018},
doi = {10.1142/S0218213018500112},

URL = { 
        https://doi.org/10.1142/S0218213018500112
    
},
eprint = { 
        https://doi.org/10.1142/S0218213018500112
    
}
,
   }
   @INPROCEEDINGS{seizure,
  author={Roy, S. and Asif, U. and Tang, J. and Harrer, S.},
  booktitle={2020 IEEE Signal Processing in Medicine and Biology Symposium (SPMB)}, 
  title={Seizure Type Classification Using EEG Signals and Machine Learning: Setting a Benchmark}, 
  year={2020},
  volume={1.0},
  number={},
  pages={1,4,5,6,7},
  doi={10.1109/SPMB50085.2020.9353642}}
  @inproceedings{accele,
	doi = {10.1109/hpec.2019.8916327},
  
	url = {https://doi.org/10.1109%2Fhpec.2019.8916327},
  
	year = 2019,
	month = {sep},
  
	publisher = {{IEEE}
},
  
	author = {Albert Reuther and Peter Michaleas and Michael Jones and Vijay Gadepally and Siddharth Samsi and Jeremy Kepner},
  
	title = {Survey and Benchmarking of Machine Learning Accelerators},
  
	booktitle = {2019 {IEEE} High Performance Extreme Computing Conference ({HPEC})}
}
@article{pv,
title = {Benchmarking physics-informed machine learning-based short term PV-power forecasting tools},
journal = {Energy Reports},
volume = {8},
pages = {6512-6520},
year = {2022},
issn = {2352-4847},
doi = {https://doi.org/10.1016/j.egyr.2022.05.006},
url = {https://www.sciencedirect.com/science/article/pii/S2352484722008526},
author = {Daniel Vázquez Pombo and Peder Bacher and Charalampos Ziras and Henrik W. Bindner and Sergiu V. Spataru and Poul E. Sørensen},
keywords = {}
}
@inbook{casesynthesizing,
author = {Goens, Andr\'{e}s and Brauckmann, Alexander and Ertel, Sebastian and Cummins, Chris and Leather, Hugh and Castrillon, Jeronimo},
title = {A Case Study on Machine Learning for Synthesizing Benchmarks},
year = {2019},
isbn = {9781450367196},
publisher = {Association for Computing Machinery},
address = {New York, NY, USA},
url = {https://doi.org/10.1145/3315508.3329976},
booktitle = {Proceedings of the 3rd ACM SIGPLAN International Workshop on Machine Learning and Programming Languages},
pages = {38–46},
numpages = {9}
}
@INPROCEEDINGS{cuminsetal,
  author={Cummins, Chris and Petoumenos, Pavlos and Wang, Zheng and Leather, Hugh},
  booktitle={2017 IEEE/ACM International Symposium on Code Generation and Optimization (CGO)}, 
  title={Synthesizing benchmarks for predictive modeling}, 
  year={2017},
  volume={},
  number={},
  pages={86-99},
  doi={10.1109/CGO.2017.7863731}}
  
  @article{randomforestregression,
author = {Segal, Mark},
year = {2003},
month = {05},
pages = {},
title = {Machine Learning Benchmarks and Random Forest Regression},
journal = {Technical Report, Center for Bioinformatics & Molecular Biostatistics, University of California, San Francisco}
}
@book{RefWorksreinforcement,
	author={Sutton, R. S. & Barto, A. G.},
	year={2018},
	title={Reinforcement Learning:
An Introduction},
	publisher={MIT Press}
}
@article{RefWorksframework,
	author={Giang Nguyen and Stefan Dlugolinsky and Martin Bobák and Viet Tran and Álvaro López García and Ignacio Heredia and Peter Malík and Ladislav Hluchý},
	year={2019},
	title={Machine Learning and Deep Learning frameworks and libraries for large-scale data mining: a survey},
	journal={Artificial Intelligence Review},
	volume={52},
	number={1},
	pages={89, 87},
	note={ID: Nguyen2019},
	isbn={1573-7462},
	url={https://doi.org/10.1007/s10462-018-09679-z},
	doi={10.1007/s10462-018-09679-z}
}
@misc{deep500,
  doi = {10.48550/ARXIV.1901.10183},
  
  url = {https://arxiv.org/abs/1901.10183},
  
  author = {Ben-Nun, Tal and Besta, Maciej and Huber, Simon and Ziogas, Alexandros Nikolaos and Peter, Daniel and Hoefler, Torsten},
  
  keywords = {Distributed, Parallel, and Cluster Computing (cs.DC), Machine Learning (cs.LG), Performance (cs.PF), FOS: Computer and information sciences, FOS: Computer and information sciences},
  
  title = {A Modular Benchmarking Infrastructure for High-Performance and Reproducible Deep Learning},
  
  publisher = {arXiv},
  
  year = {2019},
  
  copyright = {arXiv.org perpetual, non-exclusive license}
}
@misc{RefWorkscoral2,
	author={ADVANCED SIMULATION AND COMPUTING},
	title={CORAL-2 Benchmarks},
	url={https://asc.llnl.gov/coral-2-benchmarks}
}
@misc{RefWorkaiBenchmark,
	author={BenchCouncil AIBench},
	title={AI Benchmark},
	url={https://ai-benchmark.com/}
}
@article{RefWorksdawnBench:,
	author={Cody Coleman, Deepak Narayanan, Daniel Kang, Tian Zhao, Jian Zhang, Luigi Nardi, Peter Bailis, Kunle Olukotun, Chris Ré, Matei Zaharia},
	title={DAWNBench: An End-to-End Deep Learning
Benchmark and Competition},
	journal={Stanford DAWN Project},
	pages={1,6},
	url={https://dawn.cs.stanford.edu/benchmark/}
}








